@inproceedings{arora2018sensing,
  title={A Compressed Sensing View of Unsupervised Text Embeddings, Bag-of-n-Grams, and LSTMs},
  author={Arora, Sanjeev and Khodak, Mikhail and Saunshi, Nikunj and Vodrahalli, Kiran},
  booktitle={Proceedings of the 6th International Conference on Learning Representations (ICLR)},
  year={2018}
}

@inproceedings{Calderbank2009CompressedL,
  title={Compressed Learning : Universal Sparse Dimensionality Reduction and Learning in the Measurement Domain},
  author={R. Calderbank},
  year={2009}
}
